%YAML 1.1
%TAG !u! tag:unity3d.com,2011:
--- !u!1 &4618003256374547126
GameObject:
  m_ObjectHideFlags: 0
  m_CorrespondingSourceObject: {fileID: 0}
  m_PrefabInstance: {fileID: 0}
  m_PrefabAsset: {fileID: 0}
  serializedVersion: 6
  m_Component:
  - component: {fileID: 4803776003340288366}
  - component: {fileID: 1318671317340628617}
  m_Layer: 0
  m_Name: Pumpkin
  m_TagString: Untagged
  m_Icon: {fileID: 0}
  m_NavMeshLayer: 0
  m_StaticEditorFlags: 0
  m_IsActive: 1
--- !u!4 &4803776003340288366
Transform:
  m_ObjectHideFlags: 0
  m_CorrespondingSourceObject: {fileID: 0}
  m_PrefabInstance: {fileID: 0}
  m_PrefabAsset: {fileID: 0}
  m_GameObject: {fileID: 4618003256374547126}
  m_LocalRotation: {x: 0, y: 0, z: 0, w: 1}
  m_LocalPosition: {x: -110.53, y: 0, z: -1.859}
  m_LocalScale: {x: 2.0484, y: 2.0484, z: 2.0484}
  m_Children:
  - {fileID: 4021615242093322511}
  - {fileID: 7478486555153397165}
  m_Father: {fileID: 0}
  m_RootOrder: 0
  m_LocalEulerAnglesHint: {x: 0, y: 0, z: 0}
--- !u!114 &1318671317340628617
MonoBehaviour:
  m_ObjectHideFlags: 0
  m_CorrespondingSourceObject: {fileID: 0}
  m_PrefabInstance: {fileID: 0}
  m_PrefabAsset: {fileID: 0}
  m_GameObject: {fileID: 4618003256374547126}
  m_Enabled: 1
  m_EditorHideFlags: 0
  m_Script: {fileID: 11500000, guid: 6c2d430f24c81e342b83b41afac1c165, type: 3}
  m_Name: 
  m_EditorClassIdentifier: 
--- !u!1001 &4017650931714190313
PrefabInstance:
  m_ObjectHideFlags: 0
  serializedVersion: 2
  m_Modification:
    m_TransformParent: {fileID: 4803776003340288366}
    m_Modifications:
    - target: {fileID: 1000010824186820, guid: 30319199574ca3644bf3898bb5cac486, type: 3}
      propertyPath: m_Name
      value: Pumpkin_Plant
      objectReference: {fileID: 0}
    - target: {fileID: 4000011223534310, guid: 30319199574ca3644bf3898bb5cac486, type: 3}
      propertyPath: m_LocalPosition.x
      value: 0
      objectReference: {fileID: 0}
    - target: {fileID: 4000011223534310, guid: 30319199574ca3644bf3898bb5cac486, type: 3}
      propertyPath: m_LocalPosition.y
      value: -0.037
      objectReference: {fileID: 0}
    - target: {fileID: 4000011223534310, guid: 30319199574ca3644bf3898bb5cac486, type: 3}
      propertyPath: m_LocalPosition.z
      value: 0
      objectReference: {fileID: 0}
    - target: {fileID: 4000011223534310, guid: 30319199574ca3644bf3898bb5cac486, type: 3}
      propertyPath: m_LocalRotation.x
      value: -0
      objectReference: {fileID: 0}
    - target: {fileID: 4000011223534310, guid: 30319199574ca3644bf3898bb5cac486, type: 3}
      propertyPath: m_LocalRotation.y
      value: -0
      objectReference: {fileID: 0}
    - target: {fileID: 4000011223534310, guid: 30319199574ca3644bf3898bb5cac486, type: 3}
      propertyPath: m_LocalRotation.z
      value: -0
      objectReference: {fileID: 0}
    - target: {fileID: 4000011223534310, guid: 30319199574ca3644bf3898bb5cac486, type: 3}
      propertyPath: m_LocalRotation.w
      value: 1
      objectReference: {fileID: 0}
    - target: {fileID: 4000011223534310, guid: 30319199574ca3644bf3898bb5cac486, type: 3}
      propertyPath: m_RootOrder
      value: 0
      objectReference: {fileID: 0}
    - target: {fileID: 4000011223534310, guid: 30319199574ca3644bf3898bb5cac486, type: 3}
      propertyPath: m_LocalEulerAnglesHint.x
      value: 0
      objectReference: {fileID: 0}
    - target: {fileID: 4000011223534310, guid: 30319199574ca3644bf3898bb5cac486, type: 3}
      propertyPath: m_LocalEulerAnglesHint.y
      value: 0
      objectReference: {fileID: 0}
    - target: {fileID: 4000011223534310, guid: 30319199574ca3644bf3898bb5cac486, type: 3}
      propertyPath: m_LocalEulerAnglesHint.z
      value: 0
      objectReference: {fileID: 0}
    m_RemovedComponents: []
  m_SourcePrefab: {fileID: 100100000, guid: 30319199574ca3644bf3898bb5cac486, type: 3}
--- !u!4 &4021615242093322511 stripped
Transform:
  m_CorrespondingSourceObject: {fileID: 4000011223534310, guid: 30319199574ca3644bf3898bb5cac486,
    type: 3}
  m_PrefabInstance: {fileID: 4017650931714190313}
  m_PrefabAsset: {fileID: 0}
--- !u!1001 &7477908440911531615
PrefabInstance:
  m_ObjectHideFlags: 0
  serializedVersion: 2
  m_Modification:
    m_TransformParent: {fileID: 4803776003340288366}
    m_Modifications:
    - target: {fileID: 1000012003911730, guid: 0adfa404918648e42a1fb073ef9010d3, type: 3}
      propertyPath: m_Name
      value: Pumpkin_Fruit
      objectReference: {fileID: 0}
    - target: {fileID: 4000011660475378, guid: 0adfa404918648e42a1fb073ef9010d3, type: 3}
      propertyPath: m_LocalPosition.x
      value: 0
      objectReference: {fileID: 0}
    - target: {fileID: 4000011660475378, guid: 0adfa404918648e42a1fb073ef9010d3, type: 3}
      propertyPath: m_LocalPosition.y
      value: 0.0603
      objectReference: {fileID: 0}
    - target: {fileID: 4000011660475378, guid: 0adfa404918648e42a1fb073ef9010d3, type: 3}
      propertyPath: m_LocalPosition.z
      value: 0
      objectReference: {fileID: 0}
    - target: {fileID: 4000011660475378, guid: 0adfa404918648e42a1fb073ef9010d3, type: 3}
      propertyPath: m_LocalRotation.x
      value: -0
      objectReference: {fileID: 0}
    - target: {fileID: 4000011660475378, guid: 0adfa404918648e42a1fb073ef9010d3, type: 3}
      propertyPath: m_LocalRotation.y
      value: -0
      objectReference: {fileID: 0}
    - target: {fileID: 4000011660475378, guid: 0adfa404918648e42a1fb073ef9010d3, type: 3}
      propertyPath: m_LocalRotation.z
      value: -0
      objectReference: {fileID: 0}
    - target: {fileID: 4000011660475378, guid: 0adfa404918648e42a1fb073ef9010d3, type: 3}
      propertyPath: m_LocalRotation.w
      value: 1
      objectReference: {fileID: 0}
    - target: {fileID: 4000011660475378, guid: 0adfa404918648e42a1fb073ef9010d3, type: 3}
      propertyPath: m_RootOrder
      value: 1
      objectReference: {fileID: 0}
    - target: {fileID: 4000011660475378, guid: 0adfa404918648e42a1fb073ef9010d3, type: 3}
      propertyPath: m_LocalEulerAnglesHint.x
      value: 0
      objectReference: {fileID: 0}
    - target: {fileID: 4000011660475378, guid: 0adfa404918648e42a1fb073ef9010d3, type: 3}
      propertyPath: m_LocalEulerAnglesHint.y
      value: 0
      objectReference: {fileID: 0}
    - target: {fileID: 4000011660475378, guid: 0adfa404918648e42a1fb073ef9010d3, type: 3}
      propertyPath: m_LocalEulerAnglesHint.z
      value: 0
      objectReference: {fileID: 0}
    m_RemovedComponents: []
  m_SourcePrefab: {fileID: 100100000, guid: 0adfa404918648e42a1fb073ef9010d3, type: 3}
--- !u!4 &7478486555153397165 stripped
Transform:
  m_CorrespondingSourceObject: {fileID: 4000011660475378, guid: 0adfa404918648e42a1fb073ef9010d3,
    type: 3}
  m_PrefabInstance: {fileID: 7477908440911531615}
  m_PrefabAsset: {fileID: 0}
